@inproceedings{TransactionConcept,
  author    = {Jim Gray},
  title     = {The Transaction Concept: Virtues and Limitations (Invited Paper)},
  booktitle = {Very Large Data Bases, 7th International Conference, September
               9-11, 1981, Cannes, France, Proceedings},
  publisher = {IEEE Computer Society},
  year      = {1981},
  pages     = {144-154},
}

@BOOK{SemanticsWithApplications,
  author = 	 {Hanne Riis Nielson and Flemming Nielson},
  title = 	 {Semantics with Applications: A Formal Introduction},
  publisher = 	 {Wiley},
  year = 	 {1999},
}

@article{SkeenStonebraker,
author = {D. Skeen and M. Stonebraker},
title = {A Formal Model of Crash Recovery in a Distributed System},
journal ={IEEE Transactions on Software Engineering},
volume = {9},
number = {3},
year = {1983},
pages = {219-228},
publisher = {IEEE Computer Society},
}