@article{REFxerox,
  title={Finite-state morphology: Xerox tools and techniques},
  author={Beesley, Kenneth R. and Karttunen, Lauri},
  journal={CSLI, Stanford},
  year={2003}
}


@book{REFBooij,
  title={Morfologie: de woordstructuur van het Nederlands},
  author={Booij, Geert Evert and Van Santen, Ariane},
  year={1998},
  pages={303},
  volume={2e geheel},
  publisher={Amsterdam University Press}
}

@inproceedings{REFbeesley,
  title={Morphological analysis and generation: a first step in natural language processing},
  author={Beesley, Ken},
  booktitle={Proc. of the SALTMIL Workshop at LREC 2004},
  year={2004},
  pages={1--8}
}

@inproceedings{REFvaneyghen,
  title={A mixed word / morphological approach for extending CELEX for high coverage on contemporary large corpora},
  author={Vaneyghen, Joris and De Pauw, Guy and Van Compernolle, Dirk and Daelemans, Walter},
  booktitle={Proc. 5th International Conference on Language Resources and Evaluation, Genoa, Italy, May 2006},
  year={2006},
  pages={931--934}
}

@inproceedings{REFcarl,
  title={Reversible Template-based Shake \& Bake Generation},
  author={Carl, M. and Schmidt, P. and and Sch{\"u}tz, J.},
  booktitle={Proceedings of the Example-Based Machine Translation Workshop held in conjunction with the 10th Machine Translation Summit, Phuket, Thailand, September 16},
  year={2005},
  pages={17--26}
}

@inproceedings{REFlassy,
  title={Syntactic annotation of large corpora in {STEVIN}},
  author={Van Noord, Gertjan and Schuurman, Ineke and Vandeghinste, Vincent},
  booktitle={Proceedings of the 5th International Conference on Language Resources and Evaluation (LREC)},
  year={2006}
}

@inproceedings{REFalpino2,
  title={{A}t {L}ast {P}arsing {I}s {N}ow {O}perational},
  author={Van Noord, Gertjan},
  booktitle={TALN06. Verbum Ex Machina. Actes de la 13e conference sur le traitement automatique des langues naturelles},
  year={2006},
  pages={20--42}
}

@inproceedings{REFcgntags,
  title={Part of speech tagging and lemmatisation for the spoken dutch corpus},
  author={Van Eynde, Frank and Zavrel, Jakub and Daelemans, Walter},
  booktitle={Proceedings of the 2nd International Conference on Language Resources and Evaluation (LREC)},
  volume={3},
  pages={1427--1433},
  year={2000},
}

@book{REFcelex,
    address = {Philadelphia, Pennsylvania},
    author = {Baayen, Harald R. and Piepenbrock, Richard and Gulikers, Leon},
    publisher = {{L}inguistic {D}ata {C}onsortium, University of Pennsylvania},
    title = {The {CELEX} Lexical Database. Release 2 ({CD-ROM})},
    year = {1995}
}

@inproceedings{REFcgn,
  title={The spoken Dutch corpus: overview and first evaluation},
  author={Oostdijk, Nelleke},
  booktitle={Proceedings of the 2nd International Conference on Language Resources and Evaluation (LREC)},
  volume={2},
  pages={887--894},
  year={2000}
}

@inproceedings{REFtadpole,
  title={An efficient memory-based morphosyntactic tagger and parser for {D}utch},
  author={van den Bosch, Antal and Busser, Bertjan and Canisius, Sander and Daelemans, Walter},
  booktitle={Computational linguistics in the Netherlands: Selected papers from the Seventeenth CLIN Meeting},
  pages={99--114},
  year={2007}
}

@article{REFalpino,
  title={Alpino: Wide-coverage computational analysis of {D}utch},
  author={Bouma, Gosse and van Noord, Gertjan and Malouf, Robert},
  journal={Language and Computers},
  volume={37},
  number={1},
  pages={45--59},
  year={2001}
}

@techreport{REFtimbl,
  title={Timbl: Tilburg memory-based learner},
  author={Daelemans, Walter and Zavrel, Jakub and van der Sloot, Ko and Van den Bosch, Antal},
  institution={Tilburg University},
  number={ILK-0209},
  year={2004}
}

@article{REFigtree,
  title={IGTree: Using trees for compression and classification in lazy learning algorithms},
  author={Daelemans, Walter and van Den Bosch, Antal and Weijters, Ton},
  journal={Artificial Intelligence Review},
  volume={11},
  number={1-5},
  pages={407--423},
  year={1997},
  publisher={Springer}
}

@article{REFib1,
  title={Forgetting exceptions is harmful in language learning},
  author={Daelemans, Walter and van Den Bosch, Antal and Zavrel, Jakub},
  journal={Machine Learning},
  volume={34},
  number={1-3},
  pages={11--41},
  year={1999},
  publisher={Springer}
}

@InProceedings{REFlinc,
  author    = {van Halteren, Hans},
  title     = {The Detection of Inconsistency in Manually Tagged Text},
  booktitle = {Proceedings of the COLING-2000 Workshop on Linguistically Interpreted Corpora},
  year      = {2000},
  address   = {Centre Universitaire, Luxembourg},
  publisher = {International Committee on Computational Linguistics},
  pages     = {48--55}
}

@phdthesis{REFcrm,
  title={De taal van de klerken uit de Hollandse grafelijke kanselarij (1300-1340): naar een lokaliseringsprocedure voor het veertiende-eeuws Middelnederlands},
  author={Rem, Margit},
  year={2003},
  school={Vrije Universiteit},
  address={Amsterdam}
}

@article{REFadelheid,
  title={Dealing with orthographic variation in a tagger-lemmatizer for fourteenth century Dutch charters},
  author={van Halteren, Hans and Rem, Margit},
  journal={Language Resources and Evaluation},
  year={2013},
  publisher={Springer}
}

